<record><leader>00000cas a2200000 a 4500</leader><controlfield tag="001">1753113</controlfield><controlfield tag="008">751101c19169999caumr ne      0   a0eng c</controlfield><datafield ind1=" " ind2=" " tag="010"><subfield code="a">sn 78000638 </subfield><subfield code="z">   71214206 </subfield></datafield><datafield ind1=" " ind2=" " tag="040"><subfield code="a">MUL</subfield><subfield code="b">eng</subfield><subfield code="c">MUL</subfield><subfield code="d">HUL</subfield><subfield code="d">NSD</subfield><subfield code="d">COO</subfield><subfield code="d">AIP</subfield><subfield code="d">NSD</subfield><subfield code="d">AIP</subfield><subfield code="d">OCL</subfield><subfield code="d">NST</subfield><subfield code="d">DLC</subfield><subfield code="d">NST</subfield><subfield code="d">PPM</subfield><subfield code="d">NST</subfield><subfield code="d">DLC</subfield><subfield code="d">CNW</subfield><subfield code="d">DLC</subfield><subfield code="d">OCL</subfield><subfield code="d">WAU</subfield><subfield code="d">OCL</subfield><subfield code="d">NYS</subfield><subfield code="d">OCLCQ</subfield><subfield code="d">WAU</subfield><subfield code="d">OCLCF</subfield><subfield code="d">WAU</subfield><subfield code="d">OCL</subfield></datafield><datafield ind1=" " ind2=" " tag="012"><subfield code="b">3</subfield><subfield code="i">9103</subfield><subfield code="k">1</subfield><subfield code="l">1</subfield><subfield code="m">1</subfield></datafield><datafield ind1=" " ind2=" " tag="019"><subfield code="a">1753114</subfield><subfield code="a">52232239</subfield><subfield code="a">476087306</subfield></datafield><datafield ind1="0" ind2=" " tag="022"><subfield code="a">0019-8870</subfield><subfield code="l">0019-8870</subfield><subfield code="2">1</subfield></datafield><datafield ind1=" " ind2=" " tag="032"><subfield code="a">263680</subfield><subfield code="b">USPS</subfield></datafield><datafield ind1=" " ind2=" " tag="042"><subfield code="a">nsdp</subfield><subfield code="a">pcc</subfield></datafield><datafield ind1=" " ind2=" " tag="043"><subfield code="a">n-us---</subfield><subfield code="a">n-us-wa</subfield><subfield code="a">n-us-il</subfield></datafield><datafield ind1="0" ind2="0" tag="050"><subfield code="a">HD8055.I4</subfield><subfield code="b">A39</subfield></datafield><datafield ind1="1" ind2="4" tag="050"><subfield code="a">HD6500</subfield><subfield code="b">.I54</subfield></datafield><datafield ind1=" " ind2="4" tag="082"><subfield code="a">071</subfield></datafield><datafield ind1="0" ind2=" " tag="130"><subfield code="a">Industrial worker (Seattle, Wash.)</subfield></datafield><datafield ind1="0" ind2=" " tag="210"><subfield code="a">Ind. work.</subfield></datafield><datafield ind1=" " ind2="0" tag="222"><subfield code="a">Industrial worker</subfield></datafield><datafield ind1="0" ind2="0" tag="245"><subfield code="a">Industrial worker.</subfield></datafield><datafield ind1="1" ind2="7" tag="246"><subfield code="a">Semi-weekly industrial worker</subfield><subfield code="f">July 30-Oct. 6, 1917</subfield></datafield><datafield ind1="1" ind2="7" tag="246"><subfield code="a">Weekly industrial worker</subfield><subfield code="f">Oct. 13, 1917-Jan. 27, 1923</subfield></datafield><datafield ind1="1" ind2="7" tag="246"><subfield code="a">Bi-weekly industrial worker</subfield><subfield code="f">Oct. 15, 1954-Aug. 5, 1964</subfield></datafield><datafield ind1=" " ind2=" " tag="260"><subfield code="a">Seattle, Wash. :</subfield><subfield code="b">Western Locals of the Industrial Workers of the World,</subfield><subfield code="c">1916-</subfield></datafield><datafield ind1=" " ind2=" " tag="300"><subfield code="a">v. :</subfield><subfield code="b">ill. ;</subfield><subfield code="c">43 cm.</subfield></datafield><datafield ind1=" " ind2=" " tag="310"><subfield code="a">Quarterly,</subfield><subfield code="b">fall 2015-</subfield></datafield><datafield ind1=" " ind2=" " tag="321"><subfield code="a">Weekly,</subfield><subfield code="b">Apr. 1, 1916-July 28, 1917</subfield></datafield><datafield ind1=" " ind2=" " tag="321"><subfield code="a">Semiweekly,</subfield><subfield code="b">July 30-Oct. 6, 1917</subfield></datafield><datafield ind1=" " ind2=" " tag="321"><subfield code="a">Weekly,</subfield><subfield code="b">Oct. 13, 1917-Jan. 27, 1923</subfield></datafield><datafield ind1=" " ind2=" " tag="321"><subfield code="a">Semiweekly,</subfield><subfield code="b">Jan. 31, 1923-May 30, 1925</subfield></datafield><datafield ind1=" " ind2=" " tag="321"><subfield code="a">Weekly,</subfield><subfield code="b">June 6, 1925-Oct. 1, 1954</subfield></datafield><datafield ind1=" " ind2=" " tag="321"><subfield code="a">Biweekly,</subfield><subfield code="b">Oct. 15, 1954-Aug. 5, 1964</subfield></datafield><datafield ind1=" " ind2=" " tag="321"><subfield code="a">Every third week,</subfield><subfield code="b">Oct. 21, 1964-Feb. 3, 1965</subfield></datafield><datafield ind1=" " ind2=" " tag="321"><subfield code="a">Monthly,</subfield><subfield code="b">Mar. 1965-&lt;July/Aug. 2015&gt;</subfield></datafield><datafield ind1="0" ind2=" " tag="362"><subfield code="a">Vol. 1, no. 1 (Apr. 1, 1916)-</subfield></datafield><datafield ind1=" " ind2=" " tag="500"><subfield code="a">Published in Seattle, Wash., 1916-Dec. 1, 1931; Chicago, Ill., Dec. 8, 1931-Sept. 1983; Washington, D.C., Oct. 1983-July 1984; Chicago, Ill., Aug. 1984-Feb. 1991; San Francisco, Ca., Mar 1991- ; Ypsilanti, Mich., &lt;Mar. 1995- &gt;; Philadelphia, PA, &lt;Apr./May 2000-Sept./Oct. 2000&gt;; Chicago, Ill., &lt;fall 2015&gt;-</subfield></datafield><datafield ind1=" " ind2=" " tag="500"><subfield code="a">"An injury to one is an injury to all."</subfield></datafield><datafield ind1=" " ind2=" " tag="515"><subfield code="a">Issues for &lt;Feb. 17, 1917-May 4, 1918&gt; called also &lt;whole no. 45-whole no. 118&gt;; for Jan. 8, 1921-Feb. 22, 1936 called also whole no. 90-whole no. 1000; for Feb. 29, 1936- called also whole no. 1-</subfield></datafield><datafield ind1=" " ind2=" " tag="515"><subfield code="a">Suspended after Aug. 5, 1964 issue; resumed with Oct. 21, 1964 issue.</subfield></datafield><datafield ind1=" " ind2=" " tag="515"><subfield code="a">Issues for Apr. and Aug.-Sept., 1994 not published.</subfield></datafield><datafield ind1=" " ind2=" " tag="525"><subfield code="a">Has supplement: Lumberjack bulletin, Mar. 9-May &lt;4&gt;, 1918.</subfield></datafield><datafield ind1=" " ind2=" " tag="530"><subfield code="a">Also available on microfilm from the New York Public Library.</subfield></datafield><datafield ind1=" " ind2=" " tag="550"><subfield code="a">Official organ of the western branches of the I.W.W.</subfield></datafield><datafield ind1=" " ind2=" " tag="588"><subfield code="a">Latest issue consulted: Vol. 113, no. 2 (spring 2016) = #1777.</subfield></datafield><datafield ind1=" " ind2="0" tag="650"><subfield code="a">Labor unions</subfield><subfield code="z">United States</subfield><subfield code="v">Newspapers.</subfield></datafield><datafield ind1=" " ind2="0" tag="650"><subfield code="a">Labor movement</subfield><subfield code="z">United States</subfield><subfield code="v">Newspapers.</subfield></datafield><datafield ind1=" " ind2="7" tag="650"><subfield code="a">Labor movement.</subfield><subfield code="2">fast</subfield><subfield code="0">(OCoLC)fst00990079</subfield></datafield><datafield ind1=" " ind2="7" tag="650"><subfield code="a">Labor unions.</subfield><subfield code="2">fast</subfield><subfield code="0">(OCoLC)fst00990260</subfield></datafield><datafield ind1=" " ind2="7" tag="651"><subfield code="a">United States.</subfield><subfield code="2">fast</subfield><subfield code="0">(OCoLC)fst01204155</subfield></datafield><datafield ind1=" " ind2="7" tag="655"><subfield code="a">Periodicals</subfield><subfield code="2">fast</subfield><subfield code="0">(OCoLC)fst01411641</subfield></datafield><datafield ind1=" " ind2="7" tag="655"><subfield code="a">Labor newspapers</subfield><subfield code="z">Washington (State)</subfield><subfield code="2">ngl</subfield></datafield><datafield ind1=" " ind2="7" tag="655"><subfield code="a">Newspapers.</subfield><subfield code="2">fast</subfield><subfield code="0">(OCoLC)fst01423814</subfield></datafield><datafield ind1=" " ind2="7" tag="655"><subfield code="a">Periodicals.</subfield><subfield code="2">lcgft</subfield></datafield><datafield ind1=" " ind2="7" tag="655"><subfield code="a">Newspapers.</subfield><subfield code="2">lcgft</subfield></datafield><datafield ind1="2" ind2=" " tag="710"><subfield code="a">Industrial Workers of the World.</subfield></datafield><datafield ind1="0" ind2=" " tag="730"><subfield code="a">Lumberjack bulletin.</subfield></datafield><datafield ind1=" " ind2=" " tag="752"><subfield code="a">United States</subfield><subfield code="b">Washington</subfield><subfield code="c">King</subfield><subfield code="d">Seattle.</subfield></datafield><datafield ind1=" " ind2=" " tag="752"><subfield code="a">United States</subfield><subfield code="b">Illinois</subfield><subfield code="c">Cook</subfield><subfield code="d">Chicago.</subfield></datafield><datafield ind1=" " ind2=" " tag="752"><subfield code="a">United States</subfield><subfield code="b">District of Columbia</subfield><subfield code="d">Washington.</subfield></datafield><datafield ind1=" " ind2=" " tag="752"><subfield code="a">United States</subfield><subfield code="b">California</subfield><subfield code="c">San Francisco</subfield><subfield code="d">San Francisco.</subfield></datafield><datafield ind1=" " ind2=" " tag="752"><subfield code="a">United States</subfield><subfield code="b">Michigan</subfield><subfield code="c">Washtenaw</subfield><subfield code="d">Ypsilanti.</subfield></datafield><datafield ind1=" " ind2=" " tag="752"><subfield code="a">United States</subfield><subfield code="b">Pennsylvania</subfield><subfield code="c">Philadelphia</subfield><subfield code="d">Philadelphia.</subfield></datafield><datafield ind1="0" ind2="5" tag="780"><subfield code="t">Industrial solidarity</subfield><subfield code="w">(DLC)sn 92060422</subfield><subfield code="w">(OCoLC)1781421</subfield></datafield><datafield ind1=" " ind2=" " tag="850"><subfield code="a">CSt-H</subfield><subfield code="a">DeU</subfield><subfield code="a">GEU</subfield><subfield code="a">KU-S</subfield><subfield code="a">MiEM</subfield></datafield><datafield ind1="1" ind2=" " tag="029"><subfield code="a">AU@</subfield><subfield code="b">000020074971</subfield></datafield><datafield ind1="1" ind2=" " tag="029"><subfield code="a">ZWZ</subfield><subfield code="b">038724499</subfield></datafield><datafield ind1="1" ind2=" " tag="029"><subfield code="a">NZ1</subfield><subfield code="b">16076126</subfield></datafield></record>